
@ARTICLE{Medina2013,
   author = {{Medina}, J. and {Blanco}, J.~J. and {Garc{\'{\i}}a}, O. and 
	{G{\'o}mez-Herrero}, R. and {Catal{\'a}n}, E.~J. and {Garc{\'{\i}}a}, I. and 
	{Hidalgo}, M.~A. and {Meziat}, D. and {Prieto}, M. and {Rodr{\'{\i}}guez-Pacheco}, J. and 
	{S{\'a}nchez}, S.},
    title = "{Castilla-La Mancha neutron monitor}",
  journal = {Nuclear Instruments and Methods in Physics Research A},
     year = 2013,
    month = nov,
   volume = 727,
    pages = {97-103},
      doi = {10.1016/j.nima.2013.06.028},
   adsurl = {http://adsabs.harvard.edu/abs/2013NIMPA.727...97M},
  adsnote = {Provided by the SAO/NASA Astrophysics Data System}
}

@ARTICLE{Garcia2014,
   author = {{Poblaci{\'o}n}, {\'O}.~G. and {Blanco}, J.~J. and
{G{\'o}mez-Herrero}, R. and 
	{Steigies}, C.~T. and {Medina}, J. and {Tejedor}, I.~G. and 
	{S{\'a}nchez}, S.},
    title = "{Embedded data acquisition system for neutron monitors}",
  journal = {Journal of Instrumentation},
     year = 2014,
    month = aug,
   volume = 9,
      eid = {T08002},
    pages = {8002},
      doi = {10.1088/1748-0221/9/08/T08002},
   adsurl = {http://adsabs.harvard.edu/abs/2014JInst...9.8002P},
  adsnote = {Provided by the SAO/NASA Astrophysics Data System}
}

@ARTICLE{NMDB2011,
   author = {{Mavromichalaki}, H. and {Papaioannou}, A. and {Plainaki}, C. and 
	{Sarlanis}, C. and {Souvatzoglou}, G. and {Gerontidou}, M. and 
	{Papailiou}, M. and {Eroshenko}, E. and {Belov}, A. and {Yanke}, V. and 
	{Fl{\"u}ckiger}, E.~O. and {B{\"u}tikofer}, R. and {Parisi}, M. and 
	{Storini}, M. and {Klein}, K.-L. and {Fuller}, N. and {Steigies}, C.~T.
and 
	{Rother}, O.~M. and {Heber}, B. and {Wimmer-Schweingruber}, R.~F. and 
	{Kudela}, K. and {Strharsky}, I. and {Langer}, R. and {Usoskin}, I. and 
	{Ibragimov}, A. and {Chilingaryan}, A. and {Hovsepyan}, G. and 
	{Reymers}, A. and {Yeghikyan}, A. and {Kryakunova}, O. and {Dryn}, E.
and 
	{Nikolayevskiy}, N. and {Dorman}, L. and {Pustil'Nik}, L.},
    title = "{Applications and usage of the real-time Neutron Monitor
Database}",
  journal = {Advances in Space Research},
     year = 2011,
    month = jun,
   volume = 47,
    pages = {2210-2222},
      doi = {10.1016/j.asr.2010.02.019},
   adsurl = {http://adsabs.harvard.edu/abs/2011AdSpR..47.2210M},
  adsnote = {Provided by the SAO/NASA Astrophysics Data System}
}

@ARTICLE{Pacheco2012,
   author = {{Rodr{\'{\i}}guez-Pacheco}, J. and {Blanco}, J.~J. and {Heber}, B.
and 
	{G{\'o}mez-Herrero}, R.},
    title = "{Energetic Particles Measured in and out of the Ecliptic Plane
During the Last Gnevyshev Gap}",
  journal = {solphys},
     year = 2012,
    month = nov,
   volume = 281,
    pages = {491-499},
      doi = {10.1007/s11207-012-9977-9},
   adsurl = {http://adsabs.harvard.edu/abs/2012SoPh..281..491R},
  adsnote = {Provided by the SAO/NASA Astrophysics Data System}
}

@article{Forbush1938,
  title = {On World-Wide Changes in Cosmic-Ray Intensity},
  author = {Forbush, S. E.},
  journal = {Phys. Rev.},
  volume = {54},
  issue = {12},
  pages = {975--988},
  year = {1938},
  month = {Dec},
  doi = {10.1103/PhysRev.54.975},
  
  publisher = {American Physical Society}
}

@ARTICLE{Blanco2013,
   author = {{Blanco}, J.~J. and {Catal{\'a}n}, E. and {Hidalgo}, M.~A. and 
	{Medina}, J. and {Garc{\'{\i}}a}, O. and {Rodr{\'{\i}}guez-Pacheco}, J.
	},
    title = "{Observable Effects of Interplanetary Coronal Mass Ejections on
Ground Level Neutron Monitor Count Rates}",
  journal = {solphys},
 primaryClass = "astro-ph.SR",
 keywords = {ICME, Magnetic cloud, Ejecta, Forbush decrease},
     year = 2013,
    month = may,
   volume = 284,
    pages = {167-178},
      doi = {10.1007/s11207-013-0256-1},
   adsurl = {http://adsabs.harvard.edu/abs/2013SoPh..284..167B},
  adsnote = {Provided by the SAO/NASA Astrophysics Data System}
}



